<?xml version="1.0" encoding="UTF-8"?><collection xmlns="http://www.loc.gov/MARC21/slim"><record><leader>00436nam--2200157-i-4500</leader><controlfield tag="001">000022877</controlfield><controlfield tag="002">20161230</controlfield><controlfield tag="005">20161230201034</controlfield><controlfield tag="008">060222s1000------------r-----000-0-eng-d</controlfield><datafield ind1=" " ind2=" " tag="080"><subfield code="a">517.5</subfield></datafield><datafield ind1=" " ind2=" " tag="100"><subfield code="a">Hille, Einar</subfield></datafield><datafield ind1=" " ind2=" " tag="245"><subfield code="a">Analytic function theory</subfield></datafield><datafield ind1=" " ind2=" " tag="260"><subfield code="a">Waltham, Mass., Blaisdell Publ.Co., 1959, Xi + 308 P</subfield></datafield><datafield ind1=" " ind2=" " tag="490"><subfield code="a">Introduction To Higher Mathematics</subfield><subfield code="v">vol. 1</subfield></datafield><datafield ind1=" " ind2=" " tag="852"><subfield code="a">30572</subfield><subfield code="c">517.5</subfield></datafield><datafield ind1=" " ind2=" " tag="CAT"><subfield code="a">Sys</subfield><subfield code="c">20080804</subfield><subfield code="h">092901</subfield></datafield></record></collection>